<?xml version="1.0" encoding="UTF-8"?><collection xmlns="http://www.loc.gov/MARC21/slim"><record><leader>00343nam--2200121-i-4500</leader><controlfield tag="001">000047891</controlfield><controlfield tag="002">20161230</controlfield><controlfield tag="005">20161230201046</controlfield><controlfield tag="008">060222s1000------------r-----000-0-eng-d</controlfield><datafield ind1=" " ind2=" " tag="100"><subfield code="a">Wolkenstein,Th</subfield></datafield><datafield ind1=" " ind2=" " tag="245"><subfield code="a">Theorie electronique de la catalyse sur les semi-conducteurs</subfield></datafield><datafield ind1=" " ind2=" " tag="260"><subfield code="a">Paris, Masson Et C-ie, Ed.,1961. 150 P.+ 57 Fig</subfield></datafield><datafield ind1=" " ind2=" " tag="852"><subfield code="a">17722</subfield></datafield></record></collection>